
@article{ruddigkeit2012,
  title = {Enumeration of 166 {{Billion Organic Small Molecules}} in the {{Chemical Universe Database GDB}}-17},
  volume = {52},
  doi = {10.1021/ci300415d},
  number = {11},
  journal = {Journal of Chemical Information and Modeling},
  author = {Ruddigkeit, Lars and {van Deursen}, Ruud and Blum, Lorenz C. and Reymond, Jean-Louis},
  year = {2012},
  pages = {2864-2875}
}

@article{tsuchida1938,
  title = {Absorption {{Spectra}} of {{Co}}-Ordination {{Compounds}}. {{I}}},
  volume = {13},
  doi = {10.1246/bcsj.13.388},
  number = {5},
  journal = {Bulletin of the Chemical Society of Japan},
  author = {Tsuchida, Ryutaro},
  year = {1938},
  pages = {388-400}
}

@article{ghiringhelli2015,
  title = {Big {{Data}} of {{Materials Science}}: {{Critical Role}} of the {{Descriptor}}},
  volume = {114},
  doi = {10.1103/PhysRevLett.114.105503},
  number = {10},
  journal = {Physical Review Letters},
  author = {Ghiringhelli, Luca M. and Vybiral, Jan and Levchenko, Sergey V. and Draxl, Claudia and Scheffler, Matthias},
  year = {2015},
  pages = {105503}
}

@article{bartok2013,
  title = {On Representing Chemical Environments},
  volume = {87},
  doi = {10.1103/PhysRevB.87.184115},
  number = {18},
  journal = {Physical Review B},
  author = {Bart{\'o}k, Albert P. and Kondor, Risi and Cs{\'a}nyi, G{\'a}bor},
  year = {2013}
}

@article{rajan2008,
  title = {Combinatorial {{Materials Sciences}}: {{Experimental Strategies}} for {{Accelerated Knowledge Discovery}}},
  volume = {38},
  doi = {10.1146/annurev.matsci.38.060407.130217},
  number = {1},
  journal = {Annual Review of Materials Research},
  author = {Rajan, Krishna},
  year = {2008},
  pages = {299-322}
}

@article{curtarolo2013,
  title = {The High-Throughput Highway to Computational Materials Design},
  volume = {12},
  doi = {10.1038/nmat3568},
  number = {3},
  journal = {Nature Materials},
  author = {Curtarolo, Stefano and Hart, Gus L. W. and Nardelli, Marco Buongiorno and Mingo, Natalio and Sanvito, Stefano and Levy, Ohad},
  year = {2013},
  pages = {191-201}
}

@article{greeley2006,
  title = {Computational High-Throughput Screening of Electrocatalytic Materials for Hydrogen Evolution},
  volume = {5},
  doi = {10.1038/nmat1752},
  number = {11},
  journal = {Nature Materials},
  author = {Greeley, Jeff and Jaramillo, Thomas F. and Bonde, Jacob and Chorkendorff, Ib and N\o{}rskov, Jens K.},
  year = {2006},
  pages = {909-913}
}

@article{norskov2009,
  title = {Towards the Computational Design of Solid Catalysts},
  volume = {1},
  doi = {10.1038/nchem.121},
  number = {1},
  journal = {Nature Chemistry},
  author = {N\o{}rskov, J. K. and Bligaard, T. and Rossmeisl, J. and Christensen, C. H.},
  year = {2009},
  pages = {37-46}
}

@article{jensen2015,
  title = {Accelerated {{DFT}}-{{Based Design}} of {{Materials}} for {{Ammonia Storage}}},
  volume = {27},
  doi = {10.1021/acs.chemmater.5b00446},
  number = {13},
  journal = {Chemistry of Materials},
  author = {Jensen, Peter B. and Bialy, Agata and Blanchard, Didier and Lysgaard, Steen and Reumert, Alexander K. and Quaade, Ulrich J. and Vegge, Tejs},
  year = {2015},
  pages = {4552-4561}
}

@article{hautier2010,
  title = {Finding {{Nature}}'s {{Missing Ternary Oxide Compounds Using Machine Learning}} and {{Density Functional Theory}}},
  volume = {22},
  doi = {10.1021/cm100795d},
  number = {12},
  journal = {Chemistry of Materials},
  author = {Hautier, Geoffroy and Fischer, Christopher C. and Jain, Anubhav and Mueller, Tim and Ceder, Gerbrand},
  year = {2010},
  pages = {3762-3767}
}

@article{jain2011,
  title = {A High-Throughput Infrastructure for Density Functional Theory Calculations},
  volume = {50},
  doi = {10.1016/j.commatsci.2011.02.023},
  number = {8},
  journal = {Computational Materials Science},
  author = {Jain, Anubhav and Hautier, Geoffroy and Moore, Charles J. and Ping Ong, Shyue and Fischer, Christopher C. and Mueller, Tim and Persson, Kristin A. and Ceder, Gerbrand},
  year = {2011},
  pages = {2295-2310}
}

@article{hachmann2011,
  title = {The {{Harvard Clean Energy Project}}: {{Large}}-{{Scale Computational Screening}} and {{Design}} of {{Organic Photovoltaics}} on the {{World Community Grid}}},
  volume = {2},
  doi = {10.1021/jz200866s},
  number = {17},
  journal = {The Journal of Physical Chemistry Letters},
  author = {Hachmann, Johannes and {Olivares-Amaya}, Roberto and {Atahan-Evrenk}, Sule and {Amador-Bedolla}, Carlos and {S{\'a}nchez-Carrera}, Roel S. and {Gold-Parker}, Aryeh and Vogt, Leslie and Brockway, Anna M. and {Aspuru-Guzik}, Al{\'a}n},
  year = {2011},
  pages = {2241-2251}
}

@misc{kirkpatrick2004,
  type = {Special {{Features}}},
  title = {Chemical Space},
  howpublished = {https://www.nature.com/articles/432823a},
  journal = {Nature},
  author = {Kirkpatrick, Peter and Ellis, Clare},
  year = {2004},
  doi = {10.1038/432823a}
}

@article{ioannidis2016,
  title = {{{molSimplify}}: {{A}} Toolkit for Automating Discovery in Inorganic Chemistry},
  volume = {37},
  doi = {10.1002/jcc.24437},
  number = {22},
  journal = {Journal of Computational Chemistry},
  author = {Ioannidis, Efthymios I. and Gani, Terry Z. H. and Kulik, Heather J.},
  pages = {2106-2117}
}

@article{harvey2003,
  series = {Theoretical and Computational Chemistry},
  title = {Understanding the Reactivity of Transition Metal Complexes Involving Multiple Spin States},
  volume = {238-239},
  doi = {10.1016/S0010-8545(02)00283-7},
  journal = {Coordination Chemistry Reviews},
  author = {Harvey, Jeremy N and Poli, Rinaldo and Smith, Kevin M},
  year = {2003},
  pages = {347-361}
}

@article{bignozzi2013,
  series = {Electron Transfer in Coordination Chemistry},
  title = {The Role of Transition Metal Complexes in Dye Sensitized Solar Devices},
  volume = {257},
  doi = {10.1016/j.ccr.2012.09.008},
  number = {9},
  journal = {Coordination Chemistry Reviews},
  author = {Bignozzi, C. A. and Argazzi, R. and Boaretto, R. and Busatto, E. and Carli, S. and Ronconi, F. and Caramori, S.},
  year = {2013},
  pages = {1472-1492}
}

@article{ashley2017,
  title = {Ironing out the Photochemical and Spin-Crossover Behavior of {{Fe}}({{II}}) Coordination Compounds with Computational Chemistry},
  volume = {337},
  doi = {10.1016/j.ccr.2017.02.005},
  journal = {Coordination Chemistry Reviews},
  author = {Ashley, Daniel C. and Jakubikova, Elena},
  year = {2017},
  pages = {97-111}
}

@incollection{letard2004,
  series = {Topics in Current Chemistry},
  title = {Towards {{Spin Crossover Applications}}},
  isbn = {978-3-540-40395-1 978-3-540-44984-3},
  booktitle = {Spin {{Crossover}} in {{Transition Metal Compounds III}}},
  publisher = {{Springer, Berlin, Heidelberg}},
  author = {L{\'e}tard, Jean-Fran{\c c}ois and Guionneau, Philippe and {Goux-Capes}, Laurence},
  year = {2004},
  pages = {221-249}
}

@article{halcrow2011,
  title = {Structure:Function Relationships in Molecular Spin-Crossover Complexes},
  volume = {40},
  doi = {10.1039/C1CS15046D},
  number = {7},
  journal = {Chemical Society Reviews},
  author = {Halcrow, Malcolm A.},
  year = {2011},
  pages = {4119-4142}
}

@article{triggle2009,
  title = {The Chemist as Astronaut: {{Searching}} for Biologically Useful Space in the Chemical Universe},
  volume = {78},
  doi = {10.1016/j.bcp.2009.02.015},
  number = {3},
  journal = {Biochemical Pharmacology},
  author = {Triggle, David J.},
  year = {2009},
  pages = {217-223}
}

@article{wester2008,
  title = {Scaffold {{Topologies}}. 2. {{Analysis}} of {{Chemical Databases}}},
  volume = {48},
  doi = {10.1021/ci700342h},
  number = {7},
  journal = {Journal of Chemical Information and Modeling},
  author = {Wester, Michael J. and Pollock, Sara N. and Coutsias, Evangelos A. and Allu, Tharun Kumar and Muresan, Sorel and Oprea, Tudor I.},
  year = {2008},
  pages = {1311-1324}
}

@article{hajduk2011,
  title = {Drug Discovery: {{A}} Question of Library Design},
  volume = {470},
  doi = {10.1038/470042a},
  number = {7332},
  journal = {Nature},
  author = {Hajduk, Philip J. and Galloway, Warren R. J. D. and Spring, David R.},
  year = {2011},
  pages = {42-43}
}

@article{tan2005,
  title = {Diversity-Oriented Synthesis: Exploring the Intersections between Chemistry and Biology},
  volume = {1},
  doi = {10.1038/nchembio0705-74},
  number = {2},
  journal = {Nature Chemical Biology},
  author = {Tan, Derek S.},
  year = {2005},
  pages = {74-84}
}

@article{galloway2010,
  title = {Diversity-Oriented Synthesis as a Tool for the Discovery of Novel Biologically Active Small Molecules},
  volume = {1},
  doi = {10.1038/ncomms1081},
  journal = {Nature Communications},
  author = {Galloway, Warren R. J. D. and {Isidro-Llobet}, Albert and Spring, David R.},
  year = {2010},
  pages = {80}
}

@article{bohacek1998,
  title = {The Art and Practice of Structure-based Drug Design: {{A}} Molecular Modeling Perspective},
  volume = {16},
  doi = {10.1002/(SICI)1098-1128(199601)16:1<3::AID-MED1>3.0.CO;2-6},
  number = {1},
  journal = {Medicinal Research Reviews},
  author = {Bohacek, Regine S. and McMartin, Colin and Guida, Wayne C.},
  year = {1998},
  pages = {3-50}
}

@article{polishchuk2013,
  title = {Estimation of the Size of Drug-like Chemical Space Based on {{GDB}}-17 Data},
  volume = {27},
  doi = {10.1007/s10822-013-9672-4},
  number = {8},
  journal = {Journal of Computer-Aided Molecular Design},
  author = {Polishchuk, P. G. and Madzhidov, T. I. and Varnek, A.},
  year = {2013},
  pages = {675-679}
}

@article{blair1932,
  title = {{{THE NUMBER OF STEREOISOMERIC AND NON}}-{{STEREOISOMERIC PARAFFIN HYDROCARBONS}}},
  volume = {54},
  doi = {10.1021/ja01343a044},
  number = {4},
  journal = {Journal of the American Chemical Society},
  author = {Blair, Charles M. and Henze, Henry R.},
  year = {1932},
  pages = {1538-1545}
}

@article{shimura1956,
  title = {Absorption {{Spectra}} of {{Co}}({{III}}) {{Complexes}}. {{II}}. {{Redetermination}} of the {{Spectrochemical Series}}},
  volume = {29},
  doi = {10.1246/bcsj.29.311},
  number = {3},
  journal = {Bulletin of the Chemical Society of Japan},
  author = {Shimura, Yoichi and Tsuchida, Ryutaro},
  year = {1956},
  pages = {311-316}
}

@article{griffith1957,
  title = {Ligand-Field Theory},
  volume = {11},
  doi = {10.1039/QR9571100381},
  number = {4},
  journal = {Quarterly Reviews, Chemical Society},
  author = {Griffith, J. S. and Orgel, L. E.},
  year = {1957},
  pages = {381-393}
}

@article{ballhausen1963,
  title = {Introduction to {{Ligand Field Theory}}},
  volume = {110},
  doi = {10.1149/1.2425758},
  number = {4},
  journal = {Journal of The Electrochemical Society},
  author = {Ballhausen, Carl J. and Weiner, Michael A.},
  year = {1963},
  pages = {97C-97C}
}


