
@article{ruddigkeit2012,
  title = {Enumeration of 166 {{Billion Organic Small Molecules}} in the {{Chemical Universe Database GDB}}-17},
  volume = {52},
  url = {https://doi.org/10.1021/ci300415d},
  doi = {10.1021/ci300415d},
  number = {11},
  journaltitle = {Journal of Chemical Information and Modeling},
  shortjournal = {J. Chem. Inf. Model.},
  date = {2012-11-26},
  pages = {2864-2875},
  author = {Ruddigkeit, Lars and van Deursen, Ruud and Blum, Lorenz C. and Reymond, Jean-Louis},
  options = {useprefix=true}
}

@article{tsuchida1938,
  title = {Absorption {{Spectra}} of {{Co}}-Ordination {{Compounds}}. {{I}}},
  volume = {13},
  url = {http://www.journal.csj.jp/doi/10.1246/bcsj.13.388},
  doi = {10.1246/bcsj.13.388},
  number = {5},
  journaltitle = {Bulletin of the Chemical Society of Japan},
  shortjournal = {BCSJ},
  date = {1938-05-01},
  pages = {388-400},
  author = {Tsuchida, Ryutaro}
}

@article{ghiringhelli2015,
  title = {Big {{Data}} of {{Materials Science}}: {{Critical Role}} of the {{Descriptor}}},
  volume = {114},
  url = {https://link.aps.org/doi/10.1103/PhysRevLett.114.105503},
  doi = {10.1103/PhysRevLett.114.105503},
  number = {10},
  journaltitle = {Physical Review Letters},
  shortjournal = {Phys. Rev. Lett.},
  date = {2015-03-10},
  pages = {105503},
  author = {Ghiringhelli, Luca M. and Vybiral, Jan and Levchenko, Sergey V. and Draxl, Claudia and Scheffler, Matthias}
}

@article{bartok2013,
  title = {On Representing Chemical Environments},
  volume = {87},
  url = {https://link.aps.org/doi/10.1103/PhysRevB.87.184115},
  doi = {10.1103/PhysRevB.87.184115},
  number = {18},
  journaltitle = {Physical Review B},
  date = {2013-05-28},
  author = {Bartók, Albert P. and Kondor, Risi and Csányi, Gábor}
}

@article{rajan2008,
  title = {Combinatorial {{Materials Sciences}}: {{Experimental Strategies}} for {{Accelerated Knowledge Discovery}}},
  volume = {38},
  url = {https://www.annualreviews.org/doi/10.1146/annurev.matsci.38.060407.130217},
  doi = {10.1146/annurev.matsci.38.060407.130217},
  number = {1},
  journaltitle = {Annual Review of Materials Research},
  shortjournal = {Annu. Rev. Mater. Res.},
  date = {2008-07-08},
  pages = {299-322},
  author = {Rajan, Krishna}
}

@article{curtarolo2013,
  title = {The High-Throughput Highway to Computational Materials Design},
  volume = {12},
  url = {https://www.nature.com/articles/nmat3568},
  doi = {10.1038/nmat3568},
  number = {3},
  journaltitle = {Nature Materials},
  date = {2013-03},
  pages = {191-201},
  author = {Curtarolo, Stefano and Hart, Gus L. W. and Nardelli, Marco Buongiorno and Mingo, Natalio and Sanvito, Stefano and Levy, Ohad}
}

@article{greeley2006,
  title = {Computational High-Throughput Screening of Electrocatalytic Materials for Hydrogen Evolution},
  volume = {5},
  url = {https://www.nature.com/articles/nmat1752},
  doi = {10.1038/nmat1752},
  number = {11},
  journaltitle = {Nature Materials},
  date = {2006-11},
  pages = {909-913},
  author = {Greeley, Jeff and Jaramillo, Thomas F. and Bonde, Jacob and Chorkendorff, Ib and Nørskov, Jens K.}
}

@article{norskov2009,
  title = {Towards the Computational Design of Solid Catalysts},
  volume = {1},
  url = {https://www.nature.com/articles/nchem.121},
  doi = {10.1038/nchem.121},
  number = {1},
  journaltitle = {Nature Chemistry},
  date = {2009-04},
  pages = {37-46},
  author = {Nørskov, J. K. and Bligaard, T. and Rossmeisl, J. and Christensen, C. H.}
}

@article{jensen2015,
  title = {Accelerated {{DFT}}-{{Based Design}} of {{Materials}} for {{Ammonia Storage}}},
  volume = {27},
  url = {https://doi.org/10.1021/acs.chemmater.5b00446},
  doi = {10.1021/acs.chemmater.5b00446},
  number = {13},
  journaltitle = {Chemistry of Materials},
  shortjournal = {Chem. Mater.},
  date = {2015-07-14},
  pages = {4552-4561},
  author = {Jensen, Peter B. and Bialy, Agata and Blanchard, Didier and Lysgaard, Steen and Reumert, Alexander K. and Quaade, Ulrich J. and Vegge, Tejs}
}

@article{hautier2010,
  title = {Finding {{Nature}}’s {{Missing Ternary Oxide Compounds Using Machine Learning}} and {{Density Functional Theory}}},
  volume = {22},
  url = {https://doi.org/10.1021/cm100795d},
  doi = {10.1021/cm100795d},
  number = {12},
  journaltitle = {Chemistry of Materials},
  shortjournal = {Chem. Mater.},
  date = {2010-06-22},
  pages = {3762-3767},
  author = {Hautier, Geoffroy and Fischer, Christopher C. and Jain, Anubhav and Mueller, Tim and Ceder, Gerbrand}
}

@article{jain2011,
  title = {A High-Throughput Infrastructure for Density Functional Theory Calculations},
  volume = {50},
  url = {http://www.sciencedirect.com/science/article/pii/S0927025611001133},
  doi = {10.1016/j.commatsci.2011.02.023},
  number = {8},
  journaltitle = {Computational Materials Science},
  shortjournal = {Computational Materials Science},
  date = {2011-06-01},
  pages = {2295-2310},
  author = {Jain, Anubhav and Hautier, Geoffroy and Moore, Charles J. and Ping Ong, Shyue and Fischer, Christopher C. and Mueller, Tim and Persson, Kristin A. and Ceder, Gerbrand}
}

@article{hachmann2011,
  title = {The {{Harvard Clean Energy Project}}: {{Large}}-{{Scale Computational Screening}} and {{Design}} of {{Organic Photovoltaics}} on the {{World Community Grid}}},
  volume = {2},
  url = {https://doi.org/10.1021/jz200866s},
  doi = {10.1021/jz200866s},
  number = {17},
  journaltitle = {The Journal of Physical Chemistry Letters},
  shortjournal = {J. Phys. Chem. Lett.},
  date = {2011-09-01},
  pages = {2241-2251},
  author = {Hachmann, Johannes and Olivares-Amaya, Roberto and Atahan-Evrenk, Sule and Amador-Bedolla, Carlos and Sánchez-Carrera, Roel S. and Gold-Parker, Aryeh and Vogt, Leslie and Brockway, Anna M. and Aspuru-Guzik, Alán}
}

@online{kirkpatrick2004,
  title = {Chemical Space},
  url = {https://www.nature.com/articles/432823a},
  journaltitle = {Nature},
  type = {Special Features},
  date = {2004-12-15},
  author = {Kirkpatrick, Peter and Ellis, Clare},
  doi = {10.1038/432823a}
}

@article{ioannidis2016,
  title = {{{molSimplify}}: {{A}} Toolkit for Automating Discovery in Inorganic Chemistry},
  volume = {37},
  url = {https://onlinelibrary.wiley.com/doi/abs/10.1002/jcc.24437},
  doi = {10.1002/jcc.24437},
  number = {22},
  journaltitle = {Journal of Computational Chemistry},
  pages = {2106-2117},
  author = {Ioannidis, Efthymios I. and Gani, Terry Z. H. and Kulik, Heather J.}
}

@article{harvey2003,
  title = {Understanding the Reactivity of Transition Metal Complexes Involving Multiple Spin States},
  volume = {238-239},
  url = {http://www.sciencedirect.com/science/article/pii/S0010854502002837},
  doi = {10.1016/S0010-8545(02)00283-7},
  journaltitle = {Coordination Chemistry Reviews},
  shortjournal = {Coordination Chemistry Reviews},
  series = {Theoretical and Computational Chemistry},
  date = {2003-03-01},
  pages = {347-361},
  author = {Harvey, Jeremy N and Poli, Rinaldo and Smith, Kevin M}
}

@article{bignozzi2013,
  title = {The Role of Transition Metal Complexes in Dye Sensitized Solar Devices},
  volume = {257},
  url = {http://www.sciencedirect.com/science/article/pii/S0010854512002342},
  doi = {10.1016/j.ccr.2012.09.008},
  number = {9},
  journaltitle = {Coordination Chemistry Reviews},
  shortjournal = {Coordination Chemistry Reviews},
  series = {Electron Transfer in Coordination Chemistry},
  date = {2013-05-01},
  pages = {1472-1492},
  author = {Bignozzi, C. A. and Argazzi, R. and Boaretto, R. and Busatto, E. and Carli, S. and Ronconi, F. and Caramori, S.}
}

@article{ashley2017,
  title = {Ironing out the Photochemical and Spin-Crossover Behavior of {{Fe}}({{II}}) Coordination Compounds with Computational Chemistry},
  volume = {337},
  url = {http://www.sciencedirect.com/science/article/pii/S0010854516304970},
  doi = {10.1016/j.ccr.2017.02.005},
  journaltitle = {Coordination Chemistry Reviews},
  shortjournal = {Coordination Chemistry Reviews},
  date = {2017-04-15},
  pages = {97-111},
  author = {Ashley, Daniel C. and Jakubikova, Elena}
}

@incollection{letard2004,
  title = {Towards {{Spin Crossover Applications}}},
  isbn = {978-3-540-40395-1 978-3-540-44984-3},
  url = {https://link.springer.com/chapter/10.1007/b95429},
  booktitle = {Spin {{Crossover}} in {{Transition Metal Compounds III}}},
  series = {Topics in Current Chemistry},
  publisher = {{Springer, Berlin, Heidelberg}},
  date = {2004},
  pages = {221-249},
  author = {Létard, Jean-François and Guionneau, Philippe and Goux-Capes, Laurence}
}

@article{halcrow2011,
  title = {Structure:Function Relationships in Molecular Spin-Crossover Complexes},
  volume = {40},
  url = {http://pubs.rsc.org/en/content/articlelanding/2011/cs/c1cs15046d},
  doi = {10.1039/C1CS15046D},
  number = {7},
  journaltitle = {Chemical Society Reviews},
  shortjournal = {Chem. Soc. Rev.},
  date = {2011-06-20},
  pages = {4119-4142},
  author = {Halcrow, Malcolm A.}
}

@article{triggle2009,
  title = {The Chemist as Astronaut: {{Searching}} for Biologically Useful Space in the Chemical Universe},
  volume = {78},
  url = {http://linkinghub.elsevier.com/retrieve/pii/S0006295209001166},
  doi = {10.1016/j.bcp.2009.02.015},
  number = {3},
  journaltitle = {Biochemical Pharmacology},
  date = {2009-08},
  pages = {217-223},
  author = {Triggle, David J.}
}

@article{wester2008,
  title = {Scaffold {{Topologies}}. 2. {{Analysis}} of {{Chemical Databases}}},
  volume = {48},
  url = {https://doi.org/10.1021/ci700342h},
  doi = {10.1021/ci700342h},
  number = {7},
  journaltitle = {Journal of Chemical Information and Modeling},
  shortjournal = {J. Chem. Inf. Model.},
  date = {2008-07-01},
  pages = {1311-1324},
  author = {Wester, Michael J. and Pollock, Sara N. and Coutsias, Evangelos A. and Allu, Tharun Kumar and Muresan, Sorel and Oprea, Tudor I.}
}

@article{hajduk2011,
  title = {Drug Discovery: {{A}} Question of Library Design},
  volume = {470},
  url = {https://www.nature.com/articles/470042a},
  doi = {10.1038/470042a},
  number = {7332},
  journaltitle = {Nature},
  date = {2011-02},
  pages = {42-43},
  author = {Hajduk, Philip J. and Galloway, Warren R. J. D. and Spring, David R.}
}

@article{tan2005,
  title = {Diversity-Oriented Synthesis: Exploring the Intersections between Chemistry and Biology},
  volume = {1},
  url = {https://www.nature.com/articles/nchembio0705-74},
  doi = {10.1038/nchembio0705-74},
  number = {2},
  journaltitle = {Nature Chemical Biology},
  date = {2005-07},
  pages = {74-84},
  author = {Tan, Derek S.}
}

@article{galloway2010,
  title = {Diversity-Oriented Synthesis as a Tool for the Discovery of Novel Biologically Active Small Molecules},
  volume = {1},
  url = {https://www.nature.com/articles/ncomms1081},
  doi = {10.1038/ncomms1081},
  journaltitle = {Nature Communications},
  date = {2010-09-21},
  pages = {80},
  author = {Galloway, Warren R. J. D. and Isidro-Llobet, Albert and Spring, David R.}
}

@article{bohacek1998,
  title = {The Art and Practice of Structure‐based Drug Design: {{A}} Molecular Modeling Perspective},
  volume = {16},
  url = {https://onlinelibrary.wiley.com/doi/abs/10.1002/%28SICI%291098-1128%28199601%2916%3A1%3C3%3A%3AAID-MED1%3E3.0.CO%3B2-6},
  doi = {10.1002/(SICI)1098-1128(199601)16:1<3::AID-MED1>3.0.CO;2-6},
  number = {1},
  journaltitle = {Medicinal Research Reviews},
  date = {1998-12-07},
  pages = {3-50},
  author = {Bohacek, Regine S. and McMartin, Colin and Guida, Wayne C.}
}

@article{polishchuk2013,
  title = {Estimation of the Size of Drug-like Chemical Space Based on {{GDB}}-17 Data},
  volume = {27},
  url = {https://link.springer.com/article/10.1007/s10822-013-9672-4},
  doi = {10.1007/s10822-013-9672-4},
  number = {8},
  journaltitle = {Journal of Computer-Aided Molecular Design},
  shortjournal = {J Comput Aided Mol Des},
  date = {2013-08-01},
  pages = {675-679},
  author = {Polishchuk, P. G. and Madzhidov, T. I. and Varnek, A.}
}

@article{blair1932,
  title = {{{THE NUMBER OF STEREOISOMERIC AND NON}}-{{STEREOISOMERIC PARAFFIN HYDROCARBONS}}},
  volume = {54},
  url = {http://pubs.acs.org/doi/abs/10.1021/ja01343a044},
  doi = {10.1021/ja01343a044},
  number = {4},
  journaltitle = {Journal of the American Chemical Society},
  date = {1932-04},
  pages = {1538-1545},
  author = {Blair, Charles M. and Henze, Henry R.}
}

@article{shimura1956,
  title = {Absorption {{Spectra}} of {{Co}}({{III}}) {{Complexes}}. {{II}}. {{Redetermination}} of the {{Spectrochemical Series}}},
  volume = {29},
  url = {http://www.journal.csj.jp/doi/abs/10.1246/bcsj.29.311},
  doi = {10.1246/bcsj.29.311},
  number = {3},
  journaltitle = {Bulletin of the Chemical Society of Japan},
  shortjournal = {BCSJ},
  date = {1956-03-01},
  pages = {311-316},
  author = {Shimura, Yoichi and Tsuchida, Ryutaro}
}

@article{griffith1957,
  title = {Ligand-Field Theory},
  volume = {11},
  url = {http://pubs.rsc.org/en/content/articlelanding/1957/qr/qr9571100381},
  doi = {10.1039/QR9571100381},
  number = {4},
  journaltitle = {Quarterly Reviews, Chemical Society},
  shortjournal = {Q. Rev. Chem. Soc.},
  date = {1957-01-01},
  pages = {381-393},
  author = {Griffith, J. S. and Orgel, L. E.}
}

@article{ballhausen1963,
  title = {Introduction to {{Ligand Field Theory}}},
  volume = {110},
  url = {http://jes.ecsdl.org/content/110/4/97C.3},
  doi = {10.1149/1.2425758},
  number = {4},
  journaltitle = {Journal of The Electrochemical Society},
  shortjournal = {J. Electrochem. Soc.},
  date = {1963-01-04},
  pages = {97C-97C},
  author = {Ballhausen, Carl J. and Weiner, Michael A.}
}


